<?xml version="1.0" encoding="UTF-8"?><collection xmlns="http://www.loc.gov/MARC21/slim"><record><leader>00386nam--2200109-i-4500</leader><controlfield tag="001">000006653</controlfield><controlfield tag="002">20161230</controlfield><controlfield tag="005">20161230201026</controlfield><controlfield tag="008">060222s1000------------r-----000-0-eng-d</controlfield><datafield ind1=" " ind2=" " tag="245"><subfield code="a">Applications of  radioisotopes and radiation in the life sciences. eighty-seventh congress. first session, march 27-30, 1961</subfield></datafield><datafield ind1=" " ind2=" " tag="260"><subfield code="a">Washington, U.S.Government Printing Off., 1961 Vi + 513 P</subfield></datafield><datafield ind1=" " ind2=" " tag="852"><subfield code="a">19636</subfield></datafield></record></collection>